<?xml version="1.0" encoding="UTF-8"?><collection xmlns="http://www.loc.gov/MARC21/slim"><record><leader>00470nam--2200133-i-4500</leader><controlfield tag="001">000014041</controlfield><controlfield tag="002">20161230</controlfield><controlfield tag="005">20161230201030</controlfield><controlfield tag="008">060222s1000------------r-----000-0-eng-d</controlfield><datafield ind1=" " ind2=" " tag="100"><subfield code="a">Diop, Cheikh M Backe</subfield></datafield><datafield ind1=" " ind2=" " tag="245"><subfield code="a">Mise au point d un schema de calcul de protection contre les gamma d un tokamak a l aide de l experience t.f.r. application au projet tore 2 supra. these</subfield></datafield><datafield ind1=" " ind2=" " tag="260"><subfield code="a">Orsay, Universite De Paris-sud, 1980</subfield></datafield><datafield ind1=" " ind2=" " tag="490"><subfield code="a">160p</subfield></datafield><datafield ind1=" " ind2=" " tag="852"><subfield code="a">621.039.68:519.688(043)</subfield></datafield></record></collection>